% bmc_article.bib
% 
%  An example of bibtex entries.
%  Entries taken from BMC instructions for authors page.

% uncomment next line to make author-year bibliography
% @settings{label, options="nameyear"}

@article{BlancoMelo2020,
  doi = {10.1016/j.cell.2020.04.026},
  url = {https://doi.org/10.1016/j.cell.2020.04.026},
  year = {2020},
  month = may,
  publisher = {Elsevier {BV}},
  volume = {181},
  number = {5},
  pages = {1036--1045.e9},
  author = {Daniel Blanco-Melo and Benjamin E. Nilsson-Payant and Wen-Chun Liu and Skyler Uhl and Daisy Hoagland and Rasmus M{\o}ller and Tristan X. Jordan and Kohei Oishi and Maryline Panis and David Sachs and Taia T. Wang and Robert E. Schwartz and Jean K. Lim and Randy A. Albrecht and Benjamin R. tenOever},
  title = {Imbalanced Host Response to {SARS}-{CoV}-2 Drives Development of {COVID}-19},
  journal = {Cell}
}  
